<?xml version='1.0' encoding='UTF-8'?>
<record xmlns="http://www.loc.gov/MARC21/slim">
  <leader>00797cam a2200205Mi 4500</leader>
  <controlfield tag="001">2770419</controlfield>
  <controlfield tag="003">NjP</controlfield>
  <controlfield tag="005">20171013173954.0</controlfield>
  <controlfield tag="008">920304s1958    sy            000 0 ara d</controlfield>
  <datafield tag="024" ind1="7" ind2=" ">
    <subfield code="a">princeton_aco002422</subfield>
    <subfield code="2">local</subfield>
  </datafield>
  <datafield ind1=" " ind2=" " tag="035">
    <subfield code="a">(OCoLC)ocm33994545</subfield>
  </datafield>
  <datafield ind1=" " ind2=" " tag="035">
    <subfield code="9">CNG7124TS</subfield>
  </datafield>
  <datafield ind1=" " ind2=" " tag="040">
    <subfield code="a">HLS</subfield>
    <subfield code="c">HLS</subfield>
    <subfield code="d">PUL</subfield>
  </datafield>
  <datafield ind1="1" ind2=" " tag="100">
    <subfield code="a">Ṭanṭāwī, ʻAlī,</subfield>
    <subfield code="d">1909-</subfield>
    <subfield code="0">http://id.loc.gov/authorities/names/n83066606</subfield>
  </datafield>
  <datafield ind1="1" ind2="0" tag="245">
    <subfield code="a">Rijāl min al-tārīkh /</subfield>
    <subfield code="c">ʻAlī Ṭanṭāwī.</subfield>
  </datafield>
  <datafield ind1=" " ind2=" " tag="260">
    <subfield code="a">Dimashq :</subfield>
    <subfield code="b">Muʾassasat Dār al-Salām lil-Ṭibāʻah wa-al-Nashr,</subfield>
    <subfield code="c">1958.</subfield>
  </datafield>
  <datafield ind1=" " ind2=" " tag="300">
    <subfield code="a">276 p. :</subfield>
    <subfield code="b">facsim ;</subfield>
    <subfield code="c">25 cm.</subfield>
  </datafield>
  <datafield ind1=" " ind2=" " tag="504">
    <subfield code="a">Bibliographical footnotes.</subfield>
  </datafield>
  <datafield ind1=" " ind2="0" tag="651">
    <subfield code="a">Islamic Empire</subfield>
    <subfield code="v">Biography.</subfield>
    <subfield code="0">http://id.loc.gov/authorities/subjects/sh85068445</subfield>
  </datafield>
  <datafield ind1=" " ind2=" " tag="945">
    <subfield code="a">F</subfield>
    <subfield code="b">1</subfield>
    <subfield code="c">2276.65.377</subfield>
  </datafield>
  <datafield ind1=" " ind2=" " tag="911">
    <subfield code="a">20000130</subfield>
  </datafield>
  <datafield ind1="0" ind2="0" tag="852">
    <subfield code="0">3081260</subfield>
    <subfield code="b">nec</subfield>
    <subfield code="t">1</subfield>
    <subfield code="h">DS38.4.A2</subfield>
    <subfield code="i">T368 1958</subfield>
  </datafield>
  <datafield ind1=" " ind2=" " tag="959">
    <subfield code="a">2009-07-02 12:50:26 -0400</subfield>
  </datafield>
</record>
